@book{A21,
  shorthand = {A21},
  title={Perverse Sheaves and Applications to Representation Theory},
  author={Achar, P.N.},
  isbn={9781470455972},
  lccn={2021015561},
  series={Mathematical Surveys and Monographs},
  url={https://books.google.co.uk/books?id=8-J9zgEACAAJ},
  year={2021},
  publisher={American Mathematical Society}
}

@misc{Artin-96,
  shorthand = {Artin-96},
  author = {Artin},
  year = {1996},
  title        = {Deformation Theory},
  url = {https://www.maths.ed.ac.uk/~ssierra/artin_notes_deformationthy.pdf}
}

@misc{AG-17,
      shorthand = {AG-17},
      title={The category of singularities as a crystal and global Springer fibers}, 
      author={D. Arinkin and D. Gaitsgory},
      year={2017},
      archivePrefix={arXiv},
      url = {https://arxiv.org/abs/1412.4394}
}

@misc{BB-93,
  shorthand = {BB-93},
  author       = {Beilinson, Alexander and Bernstein, Joseph},
  title        = {Proof of Jantzen Conjecture},
  year         = {1993}
}

@misc{BD,
  shorthand = {BD},
  author = {Beilinson, Alexander and Drinfeld, Vladimir},
  title = {Quantization of Hitchin's Integrable System and Hecke Eigensheaves},
  url = {https://math.uchicago.edu/~drinfeld/langlands/QuantizationHitchin.pdf}
}

@misc{BDSeminar,
  shorthand = {BDSeminar},
  author       = {Lurie, Jacob},
  title        = {Notes on Crystals and Algebraic D-modules},
  url = {https://people.math.harvard.edu/~gaitsgde/grad_2009/SeminarNotes/Nov17-19(Crystals).pdf}
}

@misc{BDSeminar2,
  shorthand = {BDSeminar2},
  author = {Gomez, Tomas},
  url = {https://people.math.harvard.edu/~gaitsgde/grad_2009/Tomas.pdf}
}

@misc{BZN-15,
      shorthand = {BZN-15},
      title={The Character Theory of a Complex Group}, 
      author={David Ben-Zvi and David Nadler},
      year={2015},
      eprint={0904.1247},
      archivePrefix={arXiv},
      primaryClass={math.RT},
      url = {https://arxiv.org/abs/0904.1247}
}

@misc{cis-1,
  shorthand    = {Cis-1},
  title        = {"Higher Categories and Homotopical Algebra"}
}

@article{D-83,
  title={Two-Dimensional l-Adic Representations of the Fundamental Group of a Curve Over a Finite Field and Automorphic Forms on GL(2)},
  author={Drinfeld, Vladmir},
  journal={American Journal of Mathematics},
  year={1983},
  volume={105},
  pages={85}
}

@misc{F-03,
      title={Recent Advances in the Langlands Program}, 
      author={Edward Frenkel},
      year={2003},
      url = {https://arxiv.org/abs/math/0303074}
}

@misc{FG-06,
  shorthand = {FG-06},

  doi = {10.48550/ARXIV.MATH/0508382},
  
  url = {https://arxiv.org/abs/math/0508382},
  
  author = {Frenkel, Edward and Gaitsgory, Dennis},
  
  title = {Local geometric Langlands correspondence and affine Kac-Moody algebras},
  
  publisher = {arXiv},
  
  year = {2006}
}

@misc{GR-14,
  shorthand = {GR-14},
  title={Crystals and D-modules}, 
  author={Dennis Gaitsgory and Nick Rozenblyum},
  year={2014},
  archivePrefix={arXiv},
  url = {https://arxiv.org/abs/1111.2087}
}

@misc{Gomez,
  shorthand = {Gomez},
  author       = {L. Gomez, Tomas},
  title = {Quantization of Hitchinâ€™s integrable system and the geometric Langlands conjecture},
  url = {https://people.math.harvard.edu/~gaitsgde/grad_2009/Tomas.pdf}
}

@book{HTT,
  shorthand = {H.T.T.},
  title={D-modules, perverse sheaves, and representation theory},
  author={Hotta, Ryoshi and Takeuchi, Kiyoshi and Tanisaki, Toshiyuki},
  volume={236},
  year={2007},
  publisher={Springer Science \& Business Media}
}

@misc{KW,
  shorthand = {KW},
  author       = {Kiehl, Reinhardt and Weissauer, Rainer},
  title        = {Weil Conjectures, Perverse Sheaves and l-adic Fourier Transform}
}

@misc{lurie-htt,
  shorthand = {Lurie-HTT},
  title = "{Higher Topos Theory}"
}

@book{milne, 
  shorthand = {M17},
  place={Cambridge}, 
  series={Cambridge Studies in Advanced Mathematics}, 
  title={Algebraic Groups: The Theory of Group Schemes of Finite Type over a Field}, 
  DOI={10.1017/9781316711736}, 
  publisher={Cambridge University Press}, 
  author={Milne, J. S.}, 
  year={2017}, 
  collection={Cambridge Studies in Advanced Mathematics}
}

@misc{stacks-project,
    shorthand    = {Stacks},
    author       = {The {Stacks Project Authors}},
    title        = {\textit{Stacks Project}},
    howpublished = {\url{https://stacks.math.columbia.edu}},
    year         = {2018},
  }

@misc{Ras-20,
  shorthand = {Ras-20},

  doi = {10.48550/ARXIV.2002.01394},
  
  url = {https://arxiv.org/abs/2002.01394},
  
  author = {Raskin, Sam},
  
  title = {Affine Beilinson-Bernstein localization at the critical level for $GL_2$},
  
  publisher = {arXiv},
  
  year = {2020}
}


@misc{RY-22,
  shorthand = {RY-22},

  doi = {10.48550/ARXIV.2203.13885},
  
  url = {https://arxiv.org/abs/2203.13885},
  
  author = {Yang, David and Raskin, Sam},
  
  title = {Affine Beilinson-Bernstein localization at the critical level},
  
  publisher = {arXiv},
  
  year = {2022}
}

@misc{toen-09,
  shorthand    = {Toen-09},
  title        = {"Simplicial presheaves and derived algebraic geometry"}
}

@misc{Zhu-16,
      title={An introduction to affine Grassmannians and the geometric Satake equivalence}, 
      author={Xinwen Zhu},
      year={2016},
      url = {https://arxiv.org/abs/1603.05593}
}